@book{koza92,
		author    = "Koza, John R.",
		title     = "Genetic Programming: On the Programming of Computers by Means of Natural Selection",
		publisher = "MIT Press",
		year      = "1992"
}

@misc{ wiki:latex,
       author = "Wikipedia",
       title = "LaTeX --- Wikipedia{,} La enciclopedia libre",
       year = "2015",
       url = "https://es.wikipedia.org/w/index.php?title=LaTeX&oldid=84209252",
       note = "[Internet; descargado 30-septiembre-2015]"
}

@misc{ImgMVP,
	title = {Modelo–Vista–Presentador},
        author = "Joaquín Medina Serrano",
	url = {http://joaquin.medina.name/web2008/documentos/informatica/documentacion/logica/patrones/patronMVP/2012_06_09_PatronMVP.html},
	language = {es},
	urldate = {2013-11-26},
	month = Nov,
	year = {2013},
	howpublished = "\url{http://joaquin.medina.name/web2008/documentos/informatica/documentacion/logica/patrones/patronMVP/2012_06_09_PatronMVP.html}"
}

@misc{SCRUM,
	title = {Metodología SCRUM},
        author = "Domingo Troncho,Ana Cristina",
	url = {	http://hdl.handle.net/10609/17885},
	language = {castellano},
	urldate = {18-jun-2012},
	month = jun,
	year = {2012},
	howpublished = "\url{ http://hdl.handle.net/10609/17885}"
}

@book{UML,
        author    = {Teniente López ,Ernest and Olivé Ramon, Antoni and Mayol Sarrroca, Enric and Gómez Seone, Cristina},
	title = "Diseño de sistemas software en UML",
	publisher = "Univ. Politèc. de Catalunya",
	year      = "2004"
}


