@book{koza92,
		author    = "Koza, John R.",
		title     = "Genetic Programming: On the Programming of Computers by Means of Natural Selection",
		publisher = "MIT Press",
		year      = "1992"
}


@book{marcado,
            author = "MDN contributors",
		title     = "CSS developer guide",
		publisher = "Mozilla Developer Network",
		year      = "2016"
}

@book{consultas,
		author    = "Paul, Ryan",
		title     = "Consultas SQL",
		publisher = "Ars Technica",
		year      = "2005"
}

@book{operaciones,
  title={SQL: Los fundamentos del lenguaje},
  author={Godoc, Eric},
  year={2014},
  publisher={Ediciones ENI}
}

@misc{ wiki:latex,
       author = "Wikipedia",
       title = "LaTeX --- Wikipedia{,} La enciclopedia libre",
       year = "2015",
       url = "https://es.wikipedia.org/w/index.php?title=LaTeX&oldid=84209252",
       note = "[Internet; descargado 30-septiembre-2015]"
}

@article{bortolot2005,
  title={Estimating forest biomass using small footprint LiDAR data: An individual tree-based approach that incorporates training data},
  author={Bortolot, Zachary J and Wynne, Randolph H},
  journal={ISPRS Journal of Photogrammetry and Remote Sensing},
  volume={59},
  number={6},
  pages={342--360},
  year={2005},
  publisher={Elsevier}
}

@book{Flask,
  title={Flask web development: developing web applications with python},
  author={Grinberg, Miguel},
  year={2018},
  publisher={" O'Reilly Media, Inc."}
}


@misc{ Django,
       author = "Openwebinars",
       title = "Django",
       url = {https://openwebinars.net/blog/django-vs-flask/},
       urldate = {2020-02-11},
       date = "2017-11-17",
       year = 2020,
       journal = {OpenWebinars.net},
       howpublished = "\url{https://openwebinars.net/blog/django-vs-flask/}"
}

@misc{ImgMVP,
	title = {Modelo–Vista–Presentador},
        author = "Joaquín Medina Serrano",
	url = {http://joaquin.medina.name/web2008/documentos/informatica/documentacion/logica/patrones/patronMVP/2012_06_09_PatronMVP.html},
	language = {es},
	urldate = {2013-11-26},
	month = Nov,
	year = {2013},
	howpublished = "\url{http://joaquin.medina.name/web2008/documentos/informatica/documentacion/logica/patrones/patronMVP/2012_06_09_PatronMVP.html}"
}

@misc{github,
    author = "Luciano Castillo",
	title = {Introducción — {Conociendo} {GitHub} 0.1 documentation},
	url = {https://conociendogithub.readthedocs.io/en/latest/data/introduccion/},
	urldate = {2020-02-11},
	month = feb,
	year = {2020},
	howpublished="\url{https://conociendogithub.readthedocs.io/en/latest/data/introduccion/}"
}

@misc{python,
    author = "Desarrollo web",
	title = {Qué es {Python}},
	url = {https://desarrolloweb.com/articulos/1325.php},
	urldate = {2020-02-11},
	month = feb,
	year = 2020,
	howpublished = "\url{https://desarrolloweb.com/articulos/1325.php}"
}

@misc{overleaf,
    author = "Overleaf",
	title = {Overleaf},
	url = {https://www.overleaf.com/about},
	urldate = {2020-02-11},
	month = feb,
	year = {2020},
	howpublished = "\url{https://www.overleaf.com/about}"
}

@article{servicioWeb,
  title={Estado del Arte: Servicios Web},
  author={Machuca, Carlos Andr{\'e}s Morales},
  journal={Universidad Nacional de Colombia, Tesis de Maestr{\'\i}a},
  year={2010}
}

@misc{http,
    author = "Wikipedia",
       title = "Protocolo de transferencia de hipertexto --- Wikipedia{,} La enciclopedia libre",
       year = "2020",
       url = "https://es.wikipedia.org/w/index.php?title=Protocolo_de_transferencia_de_hipertexto&oldid=125068560",
       note = "[Internet; descargado 10-abril-2020]"
}

@misc{api,
    author = "Wikipedia",
       title = "API --- Wikipedia{,} La enciclopedia libre",
       year = "2023",
       url = "https://es.wikipedia.org/w/index.php?title=API&oldid=151419778",
       note = "[Internet; descargado 25-mayo-2023]"
}

@inproceedings{endpoint,
  title={Design and implementation of REST API for academic information system},
  author={Prayogi, AA and Niswar, M and Rijal, M and others},
  booktitle={IOP Conference Series: Materials Science and Engineering},
  pages={012047},
  year={2020},
  organization={IOP Publishing}
}

@misc{servidorWeb,
    author = "Hostinger",
	title = {Servidor web},
	url = {https://www.hostinger.es/tutoriales/que-es-un-servidor-web},
	urldate = {2023-02-12},
	month = apr,
	year = {2020},
	journal = {Hostinger},
	howpublished = "\url{https://www.hostinger.es/tutoriales/que-es-un-servidor-web}"
}

@misc{ wiki:BaseDeDatos,
       author = "Wikipedia",
       title = "Base de Datos --- Wikipedia{,} La enciclopedia libre",
       year = "2016",
       url = "https://es.wikipedia.org/wiki/Base_de_datos#cite_note-1"
}